@misc{trab3,
  title = "3o Trabalho - Algoritmos Probabil√≠sticos",
  author = "Joaquim Madeira",
  howpublished = {\url{https://elearning.ua.pt/pluginfile.php/1514391/mod_resource/content/0/AA_1920_Trab_2.pdf}}
},
@misc{gutenberg,
  title = "Free eBooks - Project Gutenberg",
  author = "Michael Hart",
  howpublished = {\url{https://www.gutenberg.org/}}
}

